<record><leader>00000cas a2200000 a 4500</leader><controlfield tag="001">8790231</controlfield><controlfield tag="008">820920d18881969idudr ne      0   a0eng  </controlfield><datafield ind1=" " ind2=" " tag="010"><subfield code="a">sn 82006834 </subfield></datafield><datafield ind1=" " ind2=" " tag="040"><subfield code="a">DLC</subfield><subfield code="b">eng</subfield><subfield code="c">DLC</subfield><subfield code="d">NPV</subfield><subfield code="d">OCL</subfield><subfield code="d">UNP</subfield><subfield code="d">DLC</subfield><subfield code="d">NVB</subfield><subfield code="d">CNK</subfield><subfield code="d">OCLCQ</subfield><subfield code="d">DLC</subfield><subfield code="d">OCLCO</subfield><subfield code="d">OCLCQ</subfield><subfield code="d">OCLCF</subfield></datafield><datafield ind1=" " ind2=" " tag="019"><subfield code="a">9181745</subfield><subfield code="a">9182857</subfield></datafield><datafield ind1="1" ind2=" " tag="029"><subfield code="a">AU@</subfield><subfield code="b">000025800714</subfield></datafield><datafield ind1=" " ind2=" " tag="042"><subfield code="a">pcc</subfield></datafield><datafield ind1=" " ind2=" " tag="043"><subfield code="a">n-us-id</subfield></datafield><datafield ind1="0" ind2="0" tag="050"><subfield code="a">Newspaper 7002</subfield></datafield><datafield ind1="0" ind2="0" tag="245"><subfield code="a">Idaho daily statesman.</subfield></datafield><datafield ind1="3" ind2="0" tag="246"><subfield code="a">Idaho Sunday statesman</subfield></datafield><datafield ind1=" " ind2=" " tag="260"><subfield code="a">Boise City, Idaho Terr. [Boise, Idaho] :</subfield><subfield code="b">M. Kelly,</subfield><subfield code="c">1888-1969.</subfield></datafield><datafield ind1=" " ind2=" " tag="300"><subfield code="a">v. :</subfield><subfield code="b">ill. ;</subfield><subfield code="c">60 cm.</subfield></datafield><datafield ind1=" " ind2=" " tag="310"><subfield code="a">Daily,</subfield><subfield code="b">July 20, 1896-May 31, 1969</subfield></datafield><datafield ind1=" " ind2=" " tag="321"><subfield code="a">Daily (except Mon.),</subfield><subfield code="b">Jan. 10, 1888-July 19, 1896</subfield></datafield><datafield ind1="0" ind2=" " tag="362"><subfield code="a">Vol. 25, no. 1 (Jan. 10, 1888)- ; -105th year, 310th issue (May 31, 1969).</subfield></datafield><datafield ind1=" " ind2=" " tag="530"><subfield code="a">Also issued on microfilm from the Library of Congress, Photoduplication Service.</subfield></datafield><datafield ind1=" " ind2=" " tag="580"><subfield code="a">Afternoon eds.: Idaho evening statesman, Sept. 21, 1942-Sept. 30, 1967; Idaho daily statesman (Afternoon ed.), Oct. 2, 1967-May 29, 1969.</subfield></datafield><datafield ind1=" " ind2=" " tag="580"><subfield code="a">Weekly ed.: Idaho weekly statesman, Aug. 6, 1865-&lt;1914&gt;.</subfield></datafield><datafield ind1=" " ind2="0" tag="651"><subfield code="a">Boise (Idaho)</subfield><subfield code="v">Newspapers.</subfield></datafield><datafield ind1=" " ind2="7" tag="655"><subfield code="a">Newspapers.</subfield><subfield code="2">fast</subfield><subfield code="0">(OCoLC)fst01423814</subfield></datafield><datafield ind1=" " ind2="7" tag="651"><subfield code="a">Idaho</subfield><subfield code="z">Boise.</subfield><subfield code="2">fast</subfield><subfield code="0">(OCoLC)fst01205276</subfield></datafield><datafield ind1=" " ind2=" " tag="752"><subfield code="a">United States</subfield><subfield code="b">Idaho</subfield><subfield code="c">Ada</subfield><subfield code="d">Boise.</subfield></datafield><datafield ind1="1" ind2=" " tag="775"><subfield code="t">Idaho weekly statesman</subfield><subfield code="w">(DLC)sn 82016433</subfield><subfield code="w">(OCoLC)9328574</subfield></datafield><datafield ind1="1" ind2=" " tag="775"><subfield code="t">Idaho evening statesman</subfield><subfield code="w">(DLC)sn 87062308</subfield></datafield><datafield ind1="1" ind2=" " tag="775"><subfield code="t">Idaho daily statesman (Afternoon ed.)</subfield><subfield code="w">(DLC)sn 89055032</subfield></datafield><datafield ind1="0" ind2="0" tag="780"><subfield code="t">Idaho tri-weekly statesman</subfield><subfield code="w">(DLC)sn 82006829</subfield><subfield code="w">(OCoLC)8790171</subfield></datafield><datafield ind1="0" ind2="0" tag="785"><subfield code="t">Idaho statesman</subfield><subfield code="w">(DLC)sn 83045225</subfield><subfield code="w">(OCoLC)9543462</subfield></datafield></record>